@book{严蔚敏2002数据结构,
  title={数据结构: C 语言版},
  author={严蔚敏 and 吴伟民},
  year={2002},
  publisher={清华大学出版社有限公司}
}
@book{严蔚敏1998数据结构题集,
  title={数据结构题集},
  author={严蔚敏 and 吴伟民},
  volume={1},
  year={1998},
  publisher={清华大学出版社}
}
