@book{严蔚敏2002数据结构,
  title={数据结构: C 语言版},
  author={严蔚敏 and 吴伟民},
  year={2002},
  publisher={清华大学出版社有限公司}
}
@book{严蔚敏1998数据结构题集,
  title={数据结构题集},
  author={严蔚敏 and 吴伟民},
  volume={1},
  year={1998},
  publisher={清华大学出版社}
}
@article{Advanced-compiler-optim,
	author={David A. Padua and Michael J. Wolfe},
	pages={1184-1201},
	title={Advanced compiler optimizations for supercomputers},
	volume=29,
	year=1986,
}
@article{53e9b0b2b7602d9703b20db9,
	author={Jonathan Ragan-Kelley and Connelly Barnes and Andrew Adams and Sylvain Paris and Frédo Durand and Saman Amarasinghe},
	journal={ACM SIGPLAN Symposium on Programming Language Design \& Implementation},
	pages={519-530},
	title={Halide: a language and compiler for optimizing parallelism, locality, and recomputation in image processing pipelines},
	year=2013,
}
@article{Recursive-programming,
	author={william h burge},
	title={Recursive programming techniques},
	year=1975,
}
  % longshu
@article{aho1986compilers,
  title={Compilers, principles, techniques},
  author={Aho, Alfred V and Sethi, Ravi and Ullman, Jeffrey D},
  journal={Addison wesley},
  volume={7},
  number={8},
  pages={9},
  year={1986}
}
  % hushu
@book{appel2004modern,
  title={Modern compiler implementation in C},
  author={Appel, Andrew W},
  year={2004},
  publisher={Cambridge university press}
}
  % jingshu
@book{muchnick1997advanced,
  title={Advanced compiler design implementation},
  author={Muchnick, Steven and others},
  year={1997},
  publisher={Morgan kaufmann}
}
@book{kernighan2006c,
  title={The C programming language},
  author={Kernighan, Brian W and Ritchie, Dennis M},
  year={2006}
}
@inproceedings{baxter1998clone,
  title={Clone detection using abstract syntax trees},
  author={Baxter, Ira D and Yahin, Andrew and Moura, Leonardo and Sant'Anna, Marcelo and Bier, Lorraine},
  booktitle={Proceedings. International Conference on Software Maintenance (Cat. No. 98CB36272)},
  pages={368--377},
  year={1998},
  organization={IEEE}
}
@book{bryant2003computer,
  title={Computer systems: a programmer's perspective},
  author={Bryant, Randal E and David Richard, O'Hallaron and David Richard, O'Hallaron},
  volume={2},
  year={2003},
  publisher={Prentice Hall Upper Saddle River}
}
